@incollection{van2013discovering,
  title={Discovering petri nets from event logs},
  author={Van Der Aalst, Wil MP and Van Dongen, Boudewijn F},
  booktitle={Transactions on Petri Nets and Other Models of Concurrency VII},
  pages={372--422},
  year={2013},
  publisher={Springer}
}

@incollection{bezerra2009anomaly,
  title={Anomaly detection using process mining},
  author={Bezerra, F{\'a}bio and Wainer, Jacques and van der Aalst, Wil MP},
  booktitle={Enterprise, business-process and information systems modeling},
  pages={149--161},
  year={2009},
  publisher={Springer}
}